@ARTICLE{bailiu19,
AUTHOR={Jeannine Bailliu and Xinfen Han and Mark Kruger and Yu-Hsien Liu and Sri Thanabalasingam},
TITLE={Can media and text analytics provide insights into labour market conditions in {C}hina?},
JOURNAL={International Journal of Forecasting},
VOLUME= {35},
ISSUE = {3},
PAGES= {1118--1130},
YEAR={2019},
note = "\url{https://doi.org/10.1016/j.ijforecast.2019.03.003}"
}
